@ARTICLE{PolynomialDegree,
  AUTHOR = {Bass, Hyman},
  URL = {https://doi.org/10.1112/plms/s3-25.4.603},
  DATE = {1972},
  ISSN = {0024-6115},
  JOURNALTITLE = {Proc. London Math. Soc. (3)},
  PAGES = {603--614},
  TITLE = {The degree of polynomial growth of finitely generated nilpotent groups},
  VOLUME = {25},
}

@THESIS{Julie2016GeodesicGrowth,
  AUTHOR = {Brönnimann, Julie Marie},
  INSTITUTION = {Université de Neuchâtel},
  URL = {http://doc.rero.ch/record/277391/files/00002547.pdf},
  DATE = {2016},
  TITLE = {Geodesic growth of groups},
  TYPE = {phdthesis},
}

@ARTICLE{Milnor1968,
  AUTHOR = {Carlitz, L. and Wilansky, A. and Milnor, John and Struble, R. A. and Felsinger, Neal and Simoes, J. M. S. and Power, E. A. and Shafer, R. E. and Maas, R. E.},
  PUBLISHER = {Mathematical Association of America},
  URL = {http://www.jstor.org/stable/2313822},
  DATE = {1968},
  ISSN = {00029890, 19300972},
  JOURNALTITLE = {The American Mathematical Monthly},
  NUMBER = {6},
  PAGES = {685--687},
  TITLE = {Advanced Problems: 5600-5609},
  VOLUME = {75},
}

@ARTICLE{GrigInterm,
  AUTHOR = {Grigorchuk, Rostislav},
  DATE = {1984},
  ISSN = {0373-2436},
  JOURNALTITLE = {Izv. Akad. Nauk SSSR Ser. Mat.},
  NUMBER = {5},
  PAGES = {939--985},
  TITLE = {Degrees of growth of finitely generated groups and the theory of invariant means},
  VOLUME = {48},
}

@ARTICLE{GromovTheorem,
  AUTHOR = {Gromov, Mikhael},
  URL = {http://www.numdam.org/item?id=PMIHES_1981__53__53_0},
  DATE = {1981},
  ISSN = {0073-8301},
  JOURNALTITLE = {Inst. Hautes Études Sci. Publ. Math.},
  NUMBER = {53},
  PAGES = {53--73},
  TITLE = {Groups of polynomial growth and expanding maps},
}

@ARTICLE{MilnorEquivClass,
  AUTHOR = {Milnor, John},
  URL = {http://projecteuclid.org/euclid.jdg/1214501132},
  DATE = {1968},
  ISSN = {0022-040X},
  JOURNALTITLE = {J. Differential Geometry},
  PAGES = {1--7},
  TITLE = {A note on curvature and fundamental group},
  VOLUME = {2},
}

@ARTICLE{SvarcEquivClass,
  AUTHOR = {Švarc, A. S.},
  LANGUAGE = {Russian},
  DATE = {1955},
  ISSN = {0002-3264},
  JOURNALTITLE = {Dokl. Akad. Nauk SSSR (N.S.)},
  PAGES = {32--34},
  TITLE = {A volume invariant of coverings},
  VOLUME = {105},
}

